<record><leader>00000cas a2200000 a 4500</leader><controlfield tag="001">27847214</controlfield><controlfield tag="008">930402d19351969caudn ne      0    0eng c</controlfield><datafield ind1=" " ind2=" " tag="010"><subfield code="a">sn 93053093 </subfield></datafield><datafield ind1=" " ind2=" " tag="040"><subfield code="a">CUY</subfield><subfield code="b">eng</subfield><subfield code="c">CNK</subfield><subfield code="d">OCLCQ</subfield><subfield code="d">CNK</subfield><subfield code="d">OCLCQ</subfield><subfield code="d">OCLCF</subfield><subfield code="d">OCLCO</subfield></datafield><datafield ind1="1" ind2=" " tag="029"><subfield code="a">AU@</subfield><subfield code="b">000043964610</subfield></datafield><datafield ind1=" " ind2=" " tag="042"><subfield code="a">pcc</subfield></datafield><datafield ind1=" " ind2=" " tag="043"><subfield code="a">n-us-ca</subfield></datafield><datafield ind1="0" ind2=" " tag="130"><subfield code="a">Red Bluff daily news (Red Bluff, Calif. : 1935)</subfield></datafield><datafield ind1="1" ind2="0" tag="245"><subfield code="a">Red Bluff daily news.</subfield></datafield><datafield ind1=" " ind2=" " tag="260"><subfield code="a">Red Bluff, Tehama County, Calif. :</subfield><subfield code="b">John G. Miller</subfield></datafield><datafield ind1=" " ind2=" " tag="300"><subfield code="a">v.</subfield></datafield><datafield ind1=" " ind2=" " tag="310"><subfield code="a">Daily (except Sun.)</subfield></datafield><datafield ind1="0" ind2=" " tag="362"><subfield code="a">Vol. 52, no. 52 (Jan. 3, 1935)-v. 86, no. 97 (Feb. 25, 1969).</subfield></datafield><datafield ind1=" " ind2=" " tag="530"><subfield code="a">Master negatives are available for duplication from:</subfield><subfield code="b">California Newspaper Microfilm Archive;</subfield><subfield code="c">positive copies may be purchased by the reel; for further information consult the CNMA at:</subfield><subfield code="u">http://cbsr.ucr.edu</subfield></datafield><datafield ind1=" " ind2="0" tag="651"><subfield code="a">Red Bluff (Calif.)</subfield><subfield code="v">Newspapers.</subfield></datafield><datafield ind1=" " ind2="7" tag="655"><subfield code="a">Newspapers.</subfield><subfield code="2">fast</subfield><subfield code="0">(OCoLC)fst01423814</subfield></datafield><datafield ind1=" " ind2="7" tag="651"><subfield code="a">California</subfield><subfield code="z">Red Bluff.</subfield><subfield code="2">fast</subfield><subfield code="0">(OCoLC)fst01215515</subfield></datafield><datafield ind1=" " ind2=" " tag="752"><subfield code="a">United States</subfield><subfield code="b">California</subfield><subfield code="c">Tehama</subfield><subfield code="d">Red Bluff.</subfield></datafield><datafield ind1="0" ind2="0" tag="780"><subfield code="t">Red Bluff daily news and times-sentinel</subfield><subfield code="w">(DLC)sn 93053092</subfield></datafield><datafield ind1="0" ind2="0" tag="785"><subfield code="t">Red Bluff Tehama County daily news</subfield><subfield code="w">(DLC)sn 93053106</subfield></datafield></record>